@article{breitkreutz2008biogrid,
  title={The BioGRID interaction database: 2008 update},
  author={Breitkreutz, Bobby-Joe and Stark, Chris and Reguly, Teresa and Boucher, Lorrie and Breitkreutz, Ashton and Livstone, Michael and Oughtred, Rose and Lackner, Daniel H and B{\"a}hler, J{\"u}rg and Wood, Valerie and others},
  journal={Nucleic acids research},
  volume={36},
  number={suppl 1},
  pages={D637--D640},
  year={2008},
  publisher={Oxford Univ Press}
}
@article{hulovatyy2014revealing,
  title={Revealing missing parts of the interactome via link prediction},
  author={Hulovatyy, Yuriy and Solava, Ryan W and Milenkovi{\'c}, Tijana},
  journal={PloS one},
  volume={9},
  number={3},
  pages={e90073},
  year={2014},
  publisher={Public Library of Science}
}
@inproceedings{cook1971complexity,
  title={The complexity of theorem-proving procedures},
  author={Cook, Stephen A},
  booktitle={Proceedings of the third annual ACM symposium on Theory of computing},
  pages={151--158},
  year={1971},
  organization={ACM}
}
@article{atias2012comparative,
  title={Comparative analysis of protein networks: hard problems, practical solutions},
  author={Atias, Nir and Sharan, Roded},
  journal={Communications of the ACM},
  volume={55},
  number={5},
  pages={88--97},
  year={2012},
  publisher={ACM}
}
@article{berg2004local,
  title={Local graph alignment and motif search in biological networks},
  author={Berg, Johannes and L{\"a}ssig, Michael},
  journal={Proceedings of the National Academy of Sciences of the United States of America},
  volume={101},
  number={41},
  pages={14689--14694},
  year={2004},
  publisher={National Acad Sciences}
}
@article{flannick2006graemlin,
  title={Graemlin: general and robust alignment of multiple large interaction networks},
  author={Flannick, Jason and Novak, Antal and Srinivasan, Balaji S and McAdams, Harley H and Batzoglou, Serafim},
  journal={Genome research},
  volume={16},
  number={9},
  pages={1169--1181},
  year={2006},
  publisher={Cold Spring Harbor Lab}
}
@article{kelley2004pathblast,
  title={PathBLAST: a tool for alignment of protein interaction networks},
  author={Kelley, Brian P and Yuan, Bingbing and Lewitter, Fran and Sharan, Roded and Stockwell, Brent R and Ideker, Trey},
  journal={Nucleic acids research},
  volume={32},
  number={suppl 2},
  pages={W83--W88},
  year={2004},
  publisher={Oxford Univ Press}
}
@article{koyuturk2006pairwise,
  title={Pairwise alignment of protein interaction networks},
  author={Koyut{\"u}rk, Mehmet and Kim, Yohan and Topkara, Umut and Subramaniam, Shankar and Szpankowski, Wojciech and Grama, Ananth},
  journal={Journal of Computational Biology},
  volume={13},
  number={2},
  pages={182--199},
  year={2006},
  publisher={Mary Ann Liebert, Inc. 2 Madison Avenue Larchmont, NY 10538 USA}
}
@article{liang2006netalign,
  title={NetAlign: a web-based tool for comparison of protein interaction networks},
  author={Liang, Zhi and Xu, Meng and Teng, Maikun and Niu, Liwen},
  journal={Bioinformatics},
  volume={22},
  number={17},
  pages={2175--2177},
  year={2006},
  publisher={Oxford Univ Press}
}
@article{sharan2005conserved,
  title={Conserved patterns of protein interaction in multiple species},
  author={Sharan, Roded and Suthram, Silpa and Kelley, Ryan M and Kuhn, Tanja and McCuine, Scott and Uetz, Peter and Sittler, Taylor and Karp, Richard M and Ideker, Trey},
  journal={Proceedings of the National Academy of Sciences of the United States of America},
  volume={102},
  number={6},
  pages={1974--1979},
  year={2005},
  publisher={National Acad Sciences}
}
@article{faisal2014dynamic,
  title={Dynamic networks reveal key players in aging},
  author={Faisal, Fazle E and Milenkovi{\'c}, Tijana},
  journal={Bioinformatics},
  volume={30},
  number={12},
  pages={1721--1729},
  year={2014},
  publisher={Oxford Univ Press}
}
@inproceedings{flannick2008automatic,
  title={Automatic parameter learning for multiple network alignment},
  author={Flannick, Jason and Novak, Antal and Do, Chuong B and Srinivasan, Balaji S and Batzoglou, Serafim},
  booktitle={Annual International Conference on Research in Computational Molecular Biology},
  pages={214--231},
  year={2008},
  organization={Springer}
}
@article{singh2008global,
  title={Global alignment of multiple protein interaction networks with application to functional orthology detection},
  author={Singh, Rohit and Xu, Jinbo and Berger, Bonnie},
  journal={Proceedings of the National Academy of Sciences},
  volume={105},
  number={35},
  pages={12763--12768},
  year={2008},
  publisher={National Acad Sciences}
}
@article{liao2009isorankn,
  title={IsoRankN: spectral methods for global alignment of multiple protein networks},
  author={Liao, Chung-Shou and Lu, Kanghao and Baym, Michael and Singh, Rohit and Berger, Bonnie},
  journal={Bioinformatics},
  volume={25},
  number={12},
  pages={i253--i258},
  year={2009},
  publisher={Oxford Univ Press}
}
@article{kuchaiev2011integrative,
  title={Integrative network alignment reveals large regions of global network similarity in yeast and human},
  author={Kuchaiev, Oleksii and Pr{\v{z}}ulj, Nata{\v{s}}a},
  journal={Bioinformatics},
  volume={27},
  number={10},
  pages={1390--1396},
  year={2011},
  publisher={Oxford Univ Press}
}
@article{malod2015graal,
  title={L-GRAAL: Lagrangian graphlet-based network aligner},
  author={Malod-Dognin, No{\"e}l and Pr{\v{z}}ulj, Nata{\v{s}}a},
  journal={Bioinformatics},
  pages={btv130},
  year={2015},
  publisher={Oxford Univ Press}
}
@article{kuchaiev2010topological,
  title={Topological network alignment uncovers biological function and phylogeny},
  author={Kuchaiev, Oleksii and Milenkovi{\'c}, Tijana and Memi{\v{s}}evi{\'c}, Vesna and Hayes, Wayne and Pr{\v{z}}ulj, Nata{\v{s}}a},
  journal={Journal of the Royal Society Interface},
  pages={rsif20100063},
  year={2010},
  publisher={The Royal Society}
}
@article{milenkovic2010optimal,
  title={Optimal network alignment with graphlet degree vectors},
  author={Milenkovic, Tijana and Ng, Weng Leong and Hayes, Wayne and Przulj, Natasa},
  journal={Cancer informatics},
  volume={9},
  pages={121},
  year={2010},
  publisher={Libertas Academica Ltd.}
}
@article{memivsevic2012c,
  title={C-GRAAL: C ommon-neighbors-based global GRA ph AL ignment of biological networks},
  author={Memi{\v{s}}evi{\'c}, Vesna and Pr{\v{z}}ulj, Nata{\v{s}}a},
  journal={Integrative Biology},
  volume={4},
  number={7},
  pages={734--743},
  year={2012},
  publisher={Royal Society of Chemistry}
}
@article{saraph2014magna,
  title={MAGNA: maximizing accuracy in global network alignment},
  author={Saraph, Vikram and Milenkovi{\'c}, Tijana},
  journal={Bioinformatics},
  volume={30},
  number={20},
  pages={2931--2940},
  year={2014},
  publisher={Oxford Univ Press}
}
@article{vijayan2015magna++,
  title={MAGNA++: Maximizing Accuracy in Global Network Alignment via both node and edge conservation},
  author={Vijayan, V and Saraph, Vikram and Milenkovi{\'c}, T},
  journal={Bioinformatics},
  pages={btv161},
  year={2015},
  publisher={Oxford Univ Press}
}
@article{aladaug2013spinal,
  title={SPINAL: scalable protein interaction network alignment},
  author={Alada{\u{g}}, Ahmet E and Erten, Cesim},
  journal={Bioinformatics},
  volume={29},
  number={7},
  pages={917--924},
  year={2013},
  publisher={Oxford Univ Press}
}
@article{phan2012pinalog,
  title={PINALOG: a novel approach to align protein interaction networks—implications for complex detection and function prediction},
  author={Phan, Hang TT and Sternberg, Michael JE},
  journal={Bioinformatics},
  volume={28},
  number={9},
  pages={1239--1245},
  year={2012},
  publisher={Oxford Univ Press}
}
@article{hu2013netcoffee,
  title={NetCoffee: a fast and accurate global alignment approach to identify functionally conserved proteins in multiple networks},
  author={Hu, Jialu and Kehr, Birte and Reinert, Knut},
  journal={Bioinformatics},
  pages={btt715},
  year={2013},
  publisher={Oxford Univ Press}
}
@article{alkan2014beams,
  title={BEAMS: backbone extraction and merge strategy for the global many-to-many alignment of multiple PPI networks},
  author={Alkan, Ferhat and Erten, Cesim},
  journal={Bioinformatics},
  volume={30},
  number={4},
  pages={531--539},
  year={2014},
  publisher={Oxford Univ Press}
}
@article{lin2010dynamic,
  title={Dynamic functional modules in co-expressed protein interaction networks of dilated cardiomyopathy},
  author={Lin, Chen-Ching and Hsiang, Jen-Tsung and Wu, Chia-Yi and Oyang, Yen-Jen and Juan, Hsueh-Fen and Huang, Hsuan-Cheng},
  journal={BMC systems biology},
  volume={4},
  number={1},
  pages={138},
  year={2010},
  publisher={BioMed Central}
}
@article{chen2014identifying,
  title={Identifying protein complexes and functional modules—from static PPI networks to dynamic PPI networks},
  author={Chen, Bolin and Fan, Weiwei and Liu, Juan and Wu, Fang-Xiang},
  journal={Briefings in bioinformatics},
  volume={15},
  number={2},
  pages={177--194},
  year={2014},
  publisher={Oxford Univ Press}
}
@article{wang2013construction,
  title={Construction and application of dynamic protein interaction network based on time course gene expression data},
  author={Wang, Jianxin and Peng, Xiaoqing and Li, Min and Pan, Yi},
  journal={Proteomics},
  volume={13},
  number={2},
  pages={301--312},
  year={2013},
  publisher={Wiley Online Library}
}
@article{patro2012global,
  title={Global network alignment using multiscale spectral signatures},
  author={Patro, Rob and Kingsford, Carl},
  journal={Bioinformatics},
  volume={28},
  number={23},
  pages={3105--3114},
  year={2012},
  publisher={Oxford Univ Press}
}
@article{dopmann2013survey,
  title={Survey on the Graph Alignment Problem and a Benchmark of Suitable Algorithms},
  author={D{\"o}pmann, Christoph},
  journal={Institut f{\"u}r Informatik},
  year={2013},
  publisher={Citeseer}
}
@article{altschul1990basic,
  title={Basic local alignment search tool},
  author={Altschul, Stephen F and Gish, Warren and Miller, Webb and Myers, Eugene W and Lipman, David J},
  journal={Journal of molecular biology},
  volume={215},
  number={3},
  pages={403--410},
  year={1990},
  publisher={Elsevier}
}
@article{zhang2016method,
  title={A method for predicting protein complex in dynamic PPI networks},
  author={Zhang, Yijia and Lin, Hongfei and Yang, Zhihao and Wang, Jian and Liu, Yiwei and Sang, Shengtian},
  journal={BMC bioinformatics},
  volume={17},
  number={7},
  pages={229},
  year={2016},
  publisher={BioMed Central}
}
@incollection{de2000computational,
  title={Computational geometry},
  author={De Berg, Mark and Van Kreveld, Marc and Overmars, Mark and Schwarzkopf, Otfried Cheong},
  booktitle={Computational geometry},
  pages={1--17},
  year={2000},
  publisher={Springer}
}
@article{park2011isobase,
  title={IsoBase: a database of functionally related proteins across PPI networks},
  author={Park, Daniel and Singh, Rohit and Baym, Michael and Liao, Chung-Shou and Berger, Bonnie},
  journal={Nucleic acids research},
  volume={39},
  number={suppl 1},
  pages={D295--D300},
  year={2011},
  publisher={Oxford Univ Press}
}
@article{kazemi2016proper,
  title={PROPER: global protein interaction network alignment through percolation matching},
  author={Kazemi, Ehsan and Hassani, Hamed and Grossglauser, Matthias and Modarres, Hassan Pezeshgi},
  journal={BMC bioinformatics},
  volume={17},
  number={1},
  pages={527},
  year={2016},
  publisher={BioMed Central}
}
@article{uetz2000comprehensive,
  title={A comprehensive analysis of protein--protein interactions in Saccharomyces cerevisiae},
  author={Uetz, Peter and Giot, Loic and Cagney, Gerard and Mansfield, Traci A and Judson, Richard S and Knight, James R and Lockshon, Daniel and Narayan, Vaibhav and Srinivasan, Maithreyan and Pochart, Pascale and others},
  journal={Nature},
  volume={403},
  number={6770},
  pages={623--627},
  year={2000},
  publisher={Nature Publishing Group}
}
@article{ito2001comprehensive,
  title={A comprehensive two-hybrid analysis to explore the yeast protein interactome},
  author={Ito, Takashi and Chiba, Tomoko and Ozawa, Ritsuko and Yoshida, Mikio and Hattori, Masahira and Sakaki, Yoshiyuki},
  journal={Proceedings of the National Academy of Sciences},
  volume={98},
  number={8},
  pages={4569--4574},
  year={2001},
  publisher={National Acad Sciences}
}
@article{krogan2006global,
  title={Global landscape of protein complexes in the yeast Saccharomyces cerevisiae},
  author={Krogan, Nevan J and Cagney, Gerard and Yu, Haiyuan and Zhong, Gouqing and Guo, Xinghua and Ignatchenko, Alexandr and Li, Joyce and Pu, Shuye and Datta, Nira and Tikuisis, Aaron P and others},
  journal={Nature},
  volume={440},
  number={7084},
  pages={637--643},
  year={2006},
  publisher={Nature Publishing Group}
}
@article{han2004evidence,
  title={Evidence for dynamically organized modularity in the yeast protein--protein interaction network},
  author={Han, Jing-Dong J and Bertin, Nicolas and Hao, Tong and Goldberg, Debra S and Berriz, Gabriel F and Zhang, Lan V and Dupuy, Denis and Walhout, Albertha JM and Cusick, Michael E and Roth, Frederick P and others},
  journal={Nature},
  volume={430},
  number={6995},
  pages={88--93},
  year={2004},
  publisher={Nature Publishing Group}
}
@article{nabieva2005whole,
  title={Whole-proteome prediction of protein function via graph-theoretic analysis of interaction maps},
  author={Nabieva, Elena and Jim, Kam and Agarwal, Amit and Chazelle, Bernard and Singh, Mona},
  journal={Bioinformatics},
  volume={21},
  number={suppl 1},
  pages={i302--i310},
  year={2005},
  publisher={Oxford Univ Press}
}
@article{yook2004functional,
  title={Functional and topological characterization of protein interaction networks},
  author={Yook, Soon-Hyung and Oltvai, Zolt{\'a}n N and Barab{\'a}si, Albert-L{\'a}szl{\'o}},
  journal={Proteomics},
  volume={4},
  number={4},
  pages={928--942},
  year={2004},
  publisher={Wiley Online Library}
}



